<record><leader>00000cas a22000007a 4500</leader><controlfield tag="001">10345207</controlfield><controlfield tag="008">840127d18821887njucr ne      0    0eng d</controlfield><datafield ind1=" " ind2=" " tag="010"><subfield code="a">sn 84026222 </subfield></datafield><datafield ind1=" " ind2=" " tag="040"><subfield code="a">NPU</subfield><subfield code="b">eng</subfield><subfield code="c">NPU</subfield><subfield code="d">NPA</subfield><subfield code="d">NJW</subfield><subfield code="d">NYS</subfield><subfield code="d">OCLCQ</subfield></datafield><datafield ind1=" " ind2=" " tag="042"><subfield code="a">msc</subfield></datafield><datafield ind1="0" ind2="4" tag="245"><subfield code="a">The Rahway advocate.</subfield></datafield><datafield ind1=" " ind2=" " tag="260"><subfield code="a">Rahway, N.J. :</subfield><subfield code="b">W.L. Mershon &amp; Co.</subfield></datafield><datafield ind1=" " ind2=" " tag="300"><subfield code="a">v. ;</subfield><subfield code="c">62 cm.</subfield></datafield><datafield ind1=" " ind2=" " tag="310"><subfield code="a">Semiweekly</subfield></datafield><datafield ind1="1" ind2=" " tag="362"><subfield code="a">Began in 1882? Ceased in 1887.</subfield><subfield code="z">Cf. Wright, W.C. and Stellhorn, P.A. Direct. of N.J. newspapers.</subfield></datafield><datafield ind1=" " ind2=" " tag="588"><subfield code="a">Description based on: New v. 41, no. 70 (Oct. 18, 1882).</subfield></datafield><datafield ind1=" " ind2=" " tag="752"><subfield code="a">United States</subfield><subfield code="b">New Jersey</subfield><subfield code="c">Union</subfield><subfield code="d">Rahway.</subfield></datafield><datafield ind1="0" ind2="0" tag="780"><subfield code="t">Weekly advocate and times</subfield><subfield code="w">(DLC)sn 84026221</subfield><subfield code="w">(OCoLC)10345053</subfield></datafield><datafield ind1="0" ind2="0" tag="785"><subfield code="t">New Jersey advocate (Rahway, N.J.)</subfield><subfield code="w">(DLC)sn 84045017</subfield><subfield code="w">(OCoLC)11376025</subfield></datafield><datafield ind1="1" ind2=" " tag="029"><subfield code="a">AU@</subfield><subfield code="b">000020415673</subfield></datafield></record>